@article{gnn09,
 author = {Scarselli, Franco and Gori, Marco and Tsoi, Ah Chung and Hagenbuchner, Markus and Monfardini, Gabriele},
 title = {The Graph Neural Network Model},
 journal = {Trans. Neur. Netw.},
 volume = {20},
 number = {1},
 year = {2009},
 pages = {61--80}
} 

@inproceedings{gcniclr17,
title = {Semi-Supervised Classification with Graph Convolutional Networks},
author = {Kipf, Thomas N and Welling, Max},
booktitle={International Conference on Learning Representations (ICLR)},
year = {2017}
}

@incollection{pgcn_nips17,
title = {Protein Interface Prediction using Graph Convolutional Networks},
author = {Fout, Alex and Byrd, Jonathon and Shariat, Basir and Ben-Hur, Asa},
booktitle = {Advances in Neural Information Processing Systems (NIPS) 30},
pages = {6530--6539},
year = {2017},
publisher = {Curran Associates, Inc.}
}

@incollection{gcn_nips15,
title = {Convolutional Networks on Graphs for Learning Molecular Fingerprints},
author = {Duvenaud, David K and Maclaurin, Dougal and Iparraguirre, Jorge and Bombarell, Rafael and Hirzel, Timothy and Aspuru-Guzik, Alan and Adams, Ryan P},
booktitle = {Advances in Neural Information Processing Systems (NIPS) 28},
pages = {2224--2232},
year = {2015},
publisher = {Curran Associates, Inc.}
}

@incollection{graphsage_nips17,
title = {Inductive Representation Learning on Large Graphs},
author = {Hamilton, Will and Ying, Zhitao and Leskovec, Jure},
booktitle = {Advances in Neural Information Processing Systems (NIPS) 30},
pages = {1024--1034},
year = {2017},
publisher = {Curran Associates, Inc.}
}

@incollection{ng2018bayesian,
  title={Bayesian Semi-supervised Learning with Graph Gaussian Processes},
  author={Ng, Yin Cheng and Silva, Ricardo},
  booktitle = {Advances in Neural Information Processing Systems (NIPS) 31},
  year={2018}
}

@inproceedings{few_shot_gcn_iclr18,
  author    = {Victor Garcia and
               Joan Bruna},
  title     = {Few-Shot Learning with Graph Neural Networks},
  booktitle={International Conference on Learning Representations (ICLR)},
  year      = {2018}
}

@inproceedings{ggnn_iclr16,
title = {Gated Graph Sequence Neural Networks},
author = {Li, Yujia N and Tarlow, Daniel and Brockschmidt, Marc and Zemel, Richard},
booktitle={International Conference on Learning Representations (ICLR)},
year = {2016},
}
